
<srw:record>
<srw:recordSchema>marcxchange</srw:recordSchema>
<srw:recordPacking>xml</srw:recordPacking>
<srw:recordData>
<mxc:record xmlns:mxc="info:lc/xmlns/marcxchange-v2" format="UNIMARC" id="ark:/12148/cb403554470" type="Bibliographic">
<mxc:leader>     ckc  22     3  450 </mxc:leader>
<mxc:controlfield tag="001">FRBNF403554470000001</mxc:controlfield>
<mxc:controlfield tag="003">http://catalogue.bnf.fr/ark:/12148/cb403554470</mxc:controlfield>
<mxc:datafield tag="039" ind1=" " ind2=" ">
<mxc:subfield code="o">OPB</mxc:subfield>
<mxc:subfield code="a">001227450</mxc:subfield>
</mxc:datafield>
<mxc:datafield tag="100" ind1=" " ind2=" ">
<mxc:subfield code="a">20000211f185918..u  y0frey50      ba</mxc:subfield>
</mxc:datafield>
<mxc:datafield tag="101" ind1="0" ind2=" ">
<mxc:subfield code="a">fre</mxc:subfield>
</mxc:datafield>
<mxc:datafield tag="102" ind1=" " ind2=" ">
<mxc:subfield code="a">XX</mxc:subfield>
</mxc:datafield>
<mxc:datafield tag="116" ind1=" " ind2=" ">
<mxc:subfield code="a">f||bxx||||xx||||zz</mxc:subfield>
</mxc:datafield>
<mxc:datafield tag="181" ind1=" " ind2="0">
<mxc:subfield code="6">01</mxc:subfield>
<mxc:subfield code="a">b </mxc:subfield>
<mxc:subfield code="b">xb2e  </mxc:subfield>
</mxc:datafield>
<mxc:datafield tag="181" ind1=" " ind2=" ">
<mxc:subfield code="6">02</mxc:subfield>
<mxc:subfield code="c">sti</mxc:subfield>
<mxc:subfield code="2">rdacontent</mxc:subfield>
</mxc:datafield>
<mxc:datafield tag="182" ind1=" " ind2="0">
<mxc:subfield code="6">01</mxc:subfield>
<mxc:subfield code="a">n</mxc:subfield>
</mxc:datafield>
<mxc:datafield tag="182" ind1=" " ind2=" ">
<mxc:subfield code="6">02</mxc:subfield>
<mxc:subfield code="c">n</mxc:subfield>
<mxc:subfield code="2">rdamedia</mxc:subfield>
</mxc:datafield>
<mxc:datafield tag="200" ind1="1" ind2=" ">
<mxc:subfield code="a">[Recueil. Portraits de Victor Hugo et de sa famille]</mxc:subfield>
<mxc:subfield code="b">Image fixe</mxc:subfield>
</mxc:datafield>
<mxc:datafield tag="214" ind1=" " ind2="1">
<mxc:subfield code="a">[18..]</mxc:subfield>
</mxc:datafield>
<mxc:datafield tag="215" ind1=" " ind2=" ">
<mxc:subfield code="a">1 album : 102 photogr. pos., 2 autographes</mxc:subfield>
<mxc:subfield code="d">formats divers, in-4</mxc:subfield>
</mxc:datafield>
<mxc:datafield tag="300" ind1=" " ind2=" ">
<mxc:subfield code="a">Album de photographies ayant appartenu à Julie Foucher, soeur de Madame Victor Hugo</mxc:subfield>
</mxc:datafield>
<mxc:datafield tag="600" ind1=" " ind2="|">
<mxc:subfield code="3">11907966</mxc:subfield>
<mxc:subfield code="a">Hugo</mxc:subfield>
<mxc:subfield code="b">Victor</mxc:subfield>
<mxc:subfield code="f">1802-1885</mxc:subfield>
<mxc:subfield code="3">11932843</mxc:subfield>
<mxc:subfield code="x">Portraits</mxc:subfield>
<mxc:subfield code="2">rameau</mxc:subfield>
</mxc:datafield>
<mxc:datafield tag="600" ind1=" " ind2="|">
<mxc:subfield code="3">11907966</mxc:subfield>
<mxc:subfield code="a">Hugo</mxc:subfield>
<mxc:subfield code="b">Victor</mxc:subfield>
<mxc:subfield code="f">1802-1885</mxc:subfield>
<mxc:subfield code="3">11933986</mxc:subfield>
<mxc:subfield code="x">Famille</mxc:subfield>
<mxc:subfield code="3">11932843</mxc:subfield>
<mxc:subfield code="x">Portraits</mxc:subfield>
<mxc:subfield code="2">rameau</mxc:subfield>
</mxc:datafield>
<mxc:datafield tag="600" ind1=" " ind2="|">
<mxc:subfield code="3">11907966</mxc:subfield>
<mxc:subfield code="a">Hugo</mxc:subfield>
<mxc:subfield code="b">Victor</mxc:subfield>
<mxc:subfield code="f">1802-1885</mxc:subfield>
<mxc:subfield code="3">12065684</mxc:subfield>
<mxc:subfield code="x">Amis et relations</mxc:subfield>
<mxc:subfield code="3">11932843</mxc:subfield>
<mxc:subfield code="x">Portraits</mxc:subfield>
<mxc:subfield code="2">rameau</mxc:subfield>
</mxc:datafield>
<mxc:datafield tag="608" ind1=" " ind2=" ">
<mxc:subfield code="a">Portraits</mxc:subfield>
<mxc:subfield code="z">19e siècle</mxc:subfield>
<mxc:subfield code="2">frTICO</mxc:subfield>
</mxc:datafield>
<mxc:datafield tag="608" ind1=" " ind2=" ">
<mxc:subfield code="a">Portraits après décès</mxc:subfield>
<mxc:subfield code="z">19e siècle</mxc:subfield>
<mxc:subfield code="2">frTICO</mxc:subfield>
</mxc:datafield>
<mxc:datafield tag="703" ind1=" " ind2="|">
<mxc:subfield code="3">14976292</mxc:subfield>
<mxc:subfield code="o">ISNI0000000010089353</mxc:subfield>
<mxc:subfield code="a">Chenay</mxc:subfield>
<mxc:subfield code="b">Julie</mxc:subfield>
<mxc:subfield code="f">1822-1905</mxc:subfield>
<mxc:subfield code="4">390</mxc:subfield>
</mxc:datafield>
<mxc:datafield tag="703" ind1=" " ind2="|">
<mxc:subfield code="3">11983807</mxc:subfield>
<mxc:subfield code="o">ISNI0000000066417117</mxc:subfield>
<mxc:subfield code="a">Sirot</mxc:subfield>
<mxc:subfield code="b">Georges</mxc:subfield>
<mxc:subfield code="f">1898-1977</mxc:subfield>
<mxc:subfield code="4">390</mxc:subfield>
</mxc:datafield>
<mxc:datafield tag="801" ind1=" " ind2="0">
<mxc:subfield code="a">FR</mxc:subfield>
<mxc:subfield code="b">FR-751131015</mxc:subfield>
<mxc:subfield code="c">20000211</mxc:subfield>
<mxc:subfield code="g">AFNOR</mxc:subfield>
<mxc:subfield code="h">FRBNF403554470000001</mxc:subfield>
<mxc:subfield code="2">intermrc</mxc:subfield>
</mxc:datafield>
<mxc:datafield tag="856" ind1="4" ind2=" ">
<mxc:subfield code="u">http://gallica.bnf.fr/ark:/12148/btv1b8452744n</mxc:subfield>
</mxc:datafield>
<mxc:datafield tag="930" ind1=" " ind2=" ">
<mxc:subfield code="5">FR-751021001:40355447001001</mxc:subfield>
<mxc:subfield code="a">MFILM BOBINE-1615 (R199143)</mxc:subfield>
<mxc:subfield code="b">759999999</mxc:subfield>
<mxc:subfield code="c">Richelieu - Estampes et photographie - Magasin</mxc:subfield>
<mxc:subfield code="d">N</mxc:subfield>
</mxc:datafield>
<mxc:datafield tag="930" ind1=" " ind2=" ">
<mxc:subfield code="5">FR-751021001:40355447001002</mxc:subfield>
<mxc:subfield code="a">RES PHOTO NA-300-4</mxc:subfield>
<mxc:subfield code="b">759999999</mxc:subfield>
<mxc:subfield code="c">Richelieu - Estampes et photographie - Magasin</mxc:subfield>
<mxc:subfield code="d">N</mxc:subfield>
</mxc:datafield>
<mxc:datafield tag="930" ind1=" " ind2=" ">
<mxc:subfield code="5">FR-759999999:40355447001005</mxc:subfield>
<mxc:subfield code="a">IFN-8452744</mxc:subfield>
<mxc:subfield code="b">759999999</mxc:subfield>
<mxc:subfield code="c">Document numérisé</mxc:subfield>
<mxc:subfield code="d">N</mxc:subfield>
</mxc:datafield>
</mxc:record>      </srw:recordData>
<srw:recordIdentifier>ark:/12148/cb403554470</srw:recordIdentifier>
<srw:recordPosition>9</srw:recordPosition>
<srw:extraRecordData>
<ixm:attr name="CreationDate">20000211</ixm:attr>
<ixm:attr name="LastModificationDate">20120206</ixm:attr>
<mn:score>9.867787</mn:score>
</srw:extraRecordData>
</srw:record>