
<srw:record>
<srw:recordSchema>marcxchange</srw:recordSchema>
<srw:recordPacking>xml</srw:recordPacking>
<srw:recordData>
<mxc:record xmlns:mxc="info:lc/xmlns/marcxchange-v2" format="UNIMARC" id="ark:/12148/cb36579800w" type="Bibliographic">
<mxc:leader>     nam  22     3n 450 </mxc:leader>
<mxc:controlfield tag="001">FRBNF365798000000008</mxc:controlfield>
<mxc:controlfield tag="003">http://catalogue.bnf.fr/ark:/12148/cb36579800w</mxc:controlfield>
<mxc:datafield tag="039" ind1=" " ind2=" ">
<mxc:subfield code="o">CRI</mxc:subfield>
<mxc:subfield code="a">SL000314330004P D</mxc:subfield>
</mxc:datafield>
<mxc:datafield tag="100" ind1=" " ind2=" ">
<mxc:subfield code="a">19990201d1885    m  y0frey50      ba</mxc:subfield>
</mxc:datafield>
<mxc:datafield tag="101" ind1="0" ind2=" ">
<mxc:subfield code="a">fre</mxc:subfield>
</mxc:datafield>
<mxc:datafield tag="102" ind1=" " ind2=" ">
<mxc:subfield code="a">FR</mxc:subfield>
</mxc:datafield>
<mxc:datafield tag="105" ind1=" " ind2=" ">
<mxc:subfield code="a">||||z   000||</mxc:subfield>
</mxc:datafield>
<mxc:datafield tag="106" ind1=" " ind2=" ">
<mxc:subfield code="a">r</mxc:subfield>
</mxc:datafield>
<mxc:datafield tag="181" ind1=" " ind2="0">
<mxc:subfield code="6">01</mxc:subfield>
<mxc:subfield code="a">i </mxc:subfield>
<mxc:subfield code="b">xxxe  </mxc:subfield>
</mxc:datafield>
<mxc:datafield tag="181" ind1=" " ind2=" ">
<mxc:subfield code="6">02</mxc:subfield>
<mxc:subfield code="c">txt</mxc:subfield>
<mxc:subfield code="2">rdacontent</mxc:subfield>
</mxc:datafield>
<mxc:datafield tag="182" ind1=" " ind2="0">
<mxc:subfield code="6">01</mxc:subfield>
<mxc:subfield code="a">n</mxc:subfield>
</mxc:datafield>
<mxc:datafield tag="182" ind1=" " ind2=" ">
<mxc:subfield code="6">02</mxc:subfield>
<mxc:subfield code="c">n</mxc:subfield>
<mxc:subfield code="2">rdamedia</mxc:subfield>
</mxc:datafield>
<mxc:datafield tag="200" ind1="1" ind2=" ">
<mxc:subfield code="a">Oeuvres complètes, de Victor Hugo...</mxc:subfield>
<mxc:subfield code="b">Texte imprimé</mxc:subfield>
</mxc:datafield>
<mxc:datafield tag="210" ind1=" " ind2=" ">
<mxc:subfield code="a">Paris</mxc:subfield>
<mxc:subfield code="c">J. Hetzel, A. Quantin</mxc:subfield>
<mxc:subfield code="d">1885</mxc:subfield>
</mxc:datafield>
<mxc:datafield tag="215" ind1=" " ind2=" ">
<mxc:subfield code="a">In-8 °</mxc:subfield>
</mxc:datafield>
<mxc:datafield tag="300" ind1=" " ind2=" ">
<mxc:subfield code="a">Edition définitive d'après les manuscrits originaux</mxc:subfield>
</mxc:datafield>
<mxc:datafield tag="316" ind1=" " ind2=" ">
<mxc:subfield code="5">FR-751131007:36579800001001</mxc:subfield>
</mxc:datafield>
<mxc:datafield tag="316" ind1=" " ind2=" ">
<mxc:subfield code="5">FR-751131007:36579800001002</mxc:subfield>
</mxc:datafield>
<mxc:datafield tag="327" ind1="1" ind2=" ">
<mxc:subfield code="a">[I-II.] Victor Hugo raconté par un témoin de sa vie [Mme Victor Hugo]. Oeuvres de la première jeunesse. - 1885. 2 vol.</mxc:subfield>
</mxc:datafield>
<mxc:datafield tag="463" ind1=" " ind2="0">
<mxc:subfield code="t">Victor Hugo raconté par un témoin de sa vie [Mme Victor Hugo]</mxc:subfield>
</mxc:datafield>
<mxc:datafield tag="463" ind1=" " ind2="0">
<mxc:subfield code="t">Oeuvres de la première jeunesse</mxc:subfield>
</mxc:datafield>
<mxc:datafield tag="700" ind1=" " ind2="|">
<mxc:subfield code="3">11907966</mxc:subfield>
<mxc:subfield code="o">ISNI0000000121200982</mxc:subfield>
<mxc:subfield code="a">Hugo</mxc:subfield>
<mxc:subfield code="b">Victor</mxc:subfield>
<mxc:subfield code="4">070</mxc:subfield>
</mxc:datafield>
<mxc:datafield tag="801" ind1=" " ind2="0">
<mxc:subfield code="a">FR</mxc:subfield>
<mxc:subfield code="b">FR-751131015</mxc:subfield>
<mxc:subfield code="c">19990201</mxc:subfield>
<mxc:subfield code="g">AFNOR</mxc:subfield>
<mxc:subfield code="h">FRBNF365798000000008</mxc:subfield>
<mxc:subfield code="2">intermrc</mxc:subfield>
</mxc:datafield>
<mxc:datafield tag="930" ind1=" " ind2=" ">
<mxc:subfield code="5">FR-751131007:36579800001001</mxc:subfield>
<mxc:subfield code="a">SMITH LESOUEF R-6706</mxc:subfield>
<mxc:subfield code="b">759999999</mxc:subfield>
<mxc:subfield code="c">Tolbiac - Rez de Jardin - Philosophie, histoire, sciences de l'homme - Magasin</mxc:subfield>
<mxc:subfield code="d">O</mxc:subfield>
<mxc:subfield code="v">Vol. 1, Ex. 1</mxc:subfield>
</mxc:datafield>
<mxc:datafield tag="930" ind1=" " ind2=" ">
<mxc:subfield code="5">FR-751131007:36579800001002</mxc:subfield>
<mxc:subfield code="a">SMITH LESOUEF R-6707</mxc:subfield>
<mxc:subfield code="b">759999999</mxc:subfield>
<mxc:subfield code="c">Tolbiac - Rez de Jardin - Philosophie, histoire, sciences de l'homme - Magasin</mxc:subfield>
<mxc:subfield code="d">O</mxc:subfield>
<mxc:subfield code="v">Vol. 2, Ex. 1</mxc:subfield>
</mxc:datafield>
</mxc:record>      </srw:recordData>
<srw:recordIdentifier>ark:/12148/cb36579800w</srw:recordIdentifier>
<srw:recordPosition>23</srw:recordPosition>
<srw:extraRecordData>
<ixm:attr name="CreationDate">19990201</ixm:attr>
<ixm:attr name="LastModificationDate">19990201</ixm:attr>
<mn:score>9.76406</mn:score>
</srw:extraRecordData>
</srw:record>