
<srw:record>
<srw:recordSchema>marcxchange</srw:recordSchema>
<srw:recordPacking>xml</srw:recordPacking>
<srw:recordData>
<mxc:record xmlns:mxc="info:lc/xmlns/marcxchange-v2" format="UNIMARC" id="ark:/12148/cb42179709k" type="Bibliographic">
<mxc:leader>     nam  22     3n 450 </mxc:leader>
<mxc:controlfield tag="001">FRBNF421797090000000</mxc:controlfield>
<mxc:controlfield tag="003">http://catalogue.bnf.fr/ark:/12148/cb42179709k</mxc:controlfield>
<mxc:datafield tag="100" ind1=" " ind2=" ">
<mxc:subfield code="a">20100414d1893    m  y0frey50      ba</mxc:subfield>
</mxc:datafield>
<mxc:datafield tag="101" ind1="0" ind2=" ">
<mxc:subfield code="a">fre</mxc:subfield>
</mxc:datafield>
<mxc:datafield tag="102" ind1=" " ind2=" ">
<mxc:subfield code="a">FR</mxc:subfield>
</mxc:datafield>
<mxc:datafield tag="105" ind1=" " ind2=" ">
<mxc:subfield code="a">||||z   00|||</mxc:subfield>
</mxc:datafield>
<mxc:datafield tag="106" ind1=" " ind2=" ">
<mxc:subfield code="a">r</mxc:subfield>
</mxc:datafield>
<mxc:datafield tag="181" ind1=" " ind2="0">
<mxc:subfield code="6">01</mxc:subfield>
<mxc:subfield code="a">i </mxc:subfield>
<mxc:subfield code="b">xxxe  </mxc:subfield>
</mxc:datafield>
<mxc:datafield tag="181" ind1=" " ind2=" ">
<mxc:subfield code="6">02</mxc:subfield>
<mxc:subfield code="c">txt</mxc:subfield>
<mxc:subfield code="2">rdacontent</mxc:subfield>
</mxc:datafield>
<mxc:datafield tag="182" ind1=" " ind2="0">
<mxc:subfield code="6">01</mxc:subfield>
<mxc:subfield code="a">n</mxc:subfield>
</mxc:datafield>
<mxc:datafield tag="182" ind1=" " ind2=" ">
<mxc:subfield code="6">02</mxc:subfield>
<mxc:subfield code="c">n</mxc:subfield>
<mxc:subfield code="2">rdamedia</mxc:subfield>
</mxc:datafield>
<mxc:datafield tag="200" ind1="1" ind2=" ">
<mxc:subfield code="a">Oeuvres complètes de Victor Hugo...</mxc:subfield>
<mxc:subfield code="i">Oeuvres diverses</mxc:subfield>
<mxc:subfield code="b">Texte imprimé</mxc:subfield>
</mxc:datafield>
<mxc:datafield tag="210" ind1=" " ind2=" ">
<mxc:subfield code="a">Paris</mxc:subfield>
<mxc:subfield code="c">J. Hetzel</mxc:subfield>
<mxc:subfield code="c">A. Quantin</mxc:subfield>
<mxc:subfield code="d">1893</mxc:subfield>
</mxc:datafield>
<mxc:datafield tag="215" ind1=" " ind2=" ">
<mxc:subfield code="a">3 vol.</mxc:subfield>
<mxc:subfield code="d">in-18</mxc:subfield>
</mxc:datafield>
<mxc:datafield tag="225" ind1="1" ind2="9">
<mxc:subfield code="a">Oeuvres complètes de Victor Hugo...</mxc:subfield>
<mxc:subfield code="v">[H],1-3</mxc:subfield>
</mxc:datafield>
<mxc:datafield tag="300" ind1=" " ind2=" ">
<mxc:subfield code="a">Édition définitive d'après les manuscrits originaux</mxc:subfield>
</mxc:datafield>
<mxc:datafield tag="300" ind1=" " ind2=" ">
<mxc:subfield code="a">La mention de collection ne figure qu'au faux titre</mxc:subfield>
</mxc:datafield>
<mxc:datafield tag="327" ind1="1" ind2=" ">
<mxc:subfield code="a">[H. Oeuvres diverses.] [H. I-III.] Victor Hugo raconté par un témoin de sa vie [Mme Victor Hugo]... Oeuvres de la première jeunesse. [Mes fils.] - (1893.) 3 vol.</mxc:subfield>
</mxc:datafield>
<mxc:datafield tag="461" ind1=" " ind2="0">
<mxc:subfield code="0">42178852</mxc:subfield>
<mxc:subfield code="t">Oeuvres complètes de Victor Hugo</mxc:subfield>
<mxc:subfield code="v">H, 1-3</mxc:subfield>
</mxc:datafield>
<mxc:datafield tag="463" ind1=" " ind2="0">
<mxc:subfield code="t">Victor Hugo raconté par un témoin de sa vie [Mme Victor Hugo]</mxc:subfield>
</mxc:datafield>
<mxc:datafield tag="463" ind1=" " ind2="0">
<mxc:subfield code="t">Oeuvres de la première jeunesse. [Mes fils]</mxc:subfield>
</mxc:datafield>
<mxc:datafield tag="700" ind1=" " ind2="|">
<mxc:subfield code="3">11907966</mxc:subfield>
<mxc:subfield code="o">ISNI0000000121200982</mxc:subfield>
<mxc:subfield code="a">Hugo</mxc:subfield>
<mxc:subfield code="b">Victor</mxc:subfield>
<mxc:subfield code="f">1802-1885</mxc:subfield>
<mxc:subfield code="4">070</mxc:subfield>
</mxc:datafield>
<mxc:datafield tag="801" ind1=" " ind2="0">
<mxc:subfield code="a">FR</mxc:subfield>
<mxc:subfield code="b">FR-751131015</mxc:subfield>
<mxc:subfield code="c">20100414</mxc:subfield>
<mxc:subfield code="g">AFNOR</mxc:subfield>
<mxc:subfield code="h">FRBNF421797090000000</mxc:subfield>
<mxc:subfield code="2">intermrc</mxc:subfield>
</mxc:datafield>
<mxc:datafield tag="930" ind1=" " ind2=" ">
<mxc:subfield code="5">FR-751131010:42179709001001</mxc:subfield>
<mxc:subfield code="a">8-Z-11208 (H,1)</mxc:subfield>
<mxc:subfield code="b">759999999</mxc:subfield>
<mxc:subfield code="c">Tolbiac - Rez de Jardin - Littérature et art - Magasin</mxc:subfield>
<mxc:subfield code="d">O</mxc:subfield>
</mxc:datafield>
<mxc:datafield tag="930" ind1=" " ind2=" ">
<mxc:subfield code="5">FR-751131010:42179709001002</mxc:subfield>
<mxc:subfield code="a">8-Z-11208 (H,2)</mxc:subfield>
<mxc:subfield code="b">759999999</mxc:subfield>
<mxc:subfield code="c">Tolbiac - Rez de Jardin - Littérature et art - Magasin</mxc:subfield>
<mxc:subfield code="d">O</mxc:subfield>
</mxc:datafield>
<mxc:datafield tag="930" ind1=" " ind2=" ">
<mxc:subfield code="5">FR-751131010:42179709001003</mxc:subfield>
<mxc:subfield code="a">8-Z-11208 (H,3)</mxc:subfield>
<mxc:subfield code="b">759999999</mxc:subfield>
<mxc:subfield code="c">Tolbiac - Rez de Jardin - Littérature et art - Magasin</mxc:subfield>
<mxc:subfield code="d">O</mxc:subfield>
</mxc:datafield>
</mxc:record>      </srw:recordData>
<srw:recordIdentifier>ark:/12148/cb42179709k</srw:recordIdentifier>
<srw:recordPosition>30</srw:recordPosition>
<srw:extraRecordData>
<ixm:attr name="CreationDate">20100414</ixm:attr>
<ixm:attr name="LastModificationDate">20100414</ixm:attr>
<mn:score>9.750853</mn:score>
</srw:extraRecordData>
</srw:record>