
<srw:record>
<srw:recordSchema>marcxchange</srw:recordSchema>
<srw:recordPacking>xml</srw:recordPacking>
<srw:recordData>
<mxc:record xmlns:mxc="info:lc/xmlns/marcxchange-v2" format="UNIMARC" id="ark:/12148/cb45170396g" type="Bibliographic">
<mxc:leader>     cam  22        450 </mxc:leader>
<mxc:controlfield tag="001">FRBNF451703960000009</mxc:controlfield>
<mxc:controlfield tag="003">http://catalogue.bnf.fr/ark:/12148/cb45170396g</mxc:controlfield>
<mxc:datafield tag="010" ind1=" " ind2=" ">
<mxc:subfield code="a">978-2-902093-57-1</mxc:subfield>
<mxc:subfield code="b">br.</mxc:subfield>
<mxc:subfield code="d">15 EUR</mxc:subfield>
</mxc:datafield>
<mxc:datafield tag="020" ind1=" " ind2=" ">
<mxc:subfield code="a">FR</mxc:subfield>
<mxc:subfield code="b">01734058</mxc:subfield>
</mxc:datafield>
<mxc:datafield tag="100" ind1=" " ind2=" ">
<mxc:subfield code="a">20161205d2007    m  h0frey50      ba</mxc:subfield>
</mxc:datafield>
<mxc:datafield tag="101" ind1="0" ind2=" ">
<mxc:subfield code="a">fre</mxc:subfield>
</mxc:datafield>
<mxc:datafield tag="102" ind1=" " ind2=" ">
<mxc:subfield code="a">FR</mxc:subfield>
</mxc:datafield>
<mxc:datafield tag="105" ind1=" " ind2=" ">
<mxc:subfield code="a">||||z   00|y|</mxc:subfield>
</mxc:datafield>
<mxc:datafield tag="106" ind1=" " ind2=" ">
<mxc:subfield code="a">r</mxc:subfield>
</mxc:datafield>
<mxc:datafield tag="181" ind1=" " ind2="0">
<mxc:subfield code="6">01</mxc:subfield>
<mxc:subfield code="a">i </mxc:subfield>
<mxc:subfield code="b">xxxe  </mxc:subfield>
</mxc:datafield>
<mxc:datafield tag="181" ind1=" " ind2=" ">
<mxc:subfield code="6">02</mxc:subfield>
<mxc:subfield code="c">txt</mxc:subfield>
<mxc:subfield code="2">rdacontent</mxc:subfield>
</mxc:datafield>
<mxc:datafield tag="182" ind1=" " ind2="0">
<mxc:subfield code="6">01</mxc:subfield>
<mxc:subfield code="a">n</mxc:subfield>
</mxc:datafield>
<mxc:datafield tag="182" ind1=" " ind2=" ">
<mxc:subfield code="6">02</mxc:subfield>
<mxc:subfield code="c">n</mxc:subfield>
<mxc:subfield code="2">rdamedia</mxc:subfield>
</mxc:datafield>
<mxc:datafield tag="200" ind1="1" ind2=" ">
<mxc:subfield code="a">Adèle, femme de Victor Hugo</mxc:subfield>
<mxc:subfield code="b">Texte imprimé</mxc:subfield>
<mxc:subfield code="e">exposition, Villequier, Musée départemental Victor Hugo, 2 juin-30 septembre 2007</mxc:subfield>
<mxc:subfield code="f">[catalogue], Sophie Fourny-Dargère,...</mxc:subfield>
</mxc:datafield>
<mxc:datafield tag="210" ind1=" " ind2=" ">
<mxc:subfield code="a">Villequier</mxc:subfield>
<mxc:subfield code="c">Musée départemental Victor Hugo</mxc:subfield>
<mxc:subfield code="d">[2007]</mxc:subfield>
</mxc:datafield>
<mxc:datafield tag="215" ind1=" " ind2=" ">
<mxc:subfield code="a">1 vol. (67 p.)</mxc:subfield>
<mxc:subfield code="c">ill. en coul.</mxc:subfield>
<mxc:subfield code="d">30 cm</mxc:subfield>
</mxc:datafield>
<mxc:datafield tag="300" ind1=" " ind2=" ">
<mxc:subfield code="a">2007 d'après la déclaration de dépôt légal</mxc:subfield>
</mxc:datafield>
<mxc:datafield tag="300" ind1=" " ind2=" ">
<mxc:subfield code="a">Bibliogr., 1 p.</mxc:subfield>
</mxc:datafield>
<mxc:datafield tag="503" ind1="1" ind2=" ">
<mxc:subfield code="a">Exposition</mxc:subfield>
<mxc:subfield code="m">Villequier</mxc:subfield>
<mxc:subfield code="n">Musée départemental Victor Hugo</mxc:subfield>
<mxc:subfield code="j">2007</mxc:subfield>
</mxc:datafield>
<mxc:datafield tag="600" ind1=" " ind2="|">
<mxc:subfield code="3">13532897</mxc:subfield>
<mxc:subfield code="a">Hugo</mxc:subfield>
<mxc:subfield code="b">Adèle</mxc:subfield>
<mxc:subfield code="f">1803-1868</mxc:subfield>
<mxc:subfield code="2">rameau</mxc:subfield>
</mxc:datafield>
<mxc:datafield tag="602" ind1=" " ind2=" ">
<mxc:subfield code="3">12051037</mxc:subfield>
<mxc:subfield code="a">Hugo (famille)</mxc:subfield>
<mxc:subfield code="2">rameau</mxc:subfield>
</mxc:datafield>
<mxc:datafield tag="608" ind1=" " ind2=" ">
<mxc:subfield code="3">11938837</mxc:subfield>
<mxc:subfield code="a">Catalogues d'exposition</mxc:subfield>
<mxc:subfield code="2">rameau</mxc:subfield>
</mxc:datafield>
<mxc:datafield tag="676" ind1=" " ind2=" ">
<mxc:subfield code="a">848.7 (critique)</mxc:subfield>
<mxc:subfield code="v">23</mxc:subfield>
</mxc:datafield>
<mxc:datafield tag="686" ind1=" " ind2=" ">
<mxc:subfield code="a">920</mxc:subfield>
<mxc:subfield code="2">Cadre de classement de la Bibliographie nationale française</mxc:subfield>
</mxc:datafield>
<mxc:datafield tag="702" ind1=" " ind2="|">
<mxc:subfield code="3">11903304</mxc:subfield>
<mxc:subfield code="o">ISNI0000000025403261</mxc:subfield>
<mxc:subfield code="a">Fourny-Dargère</mxc:subfield>
<mxc:subfield code="b">Sophie</mxc:subfield>
<mxc:subfield code="f">1953-....</mxc:subfield>
<mxc:subfield code="4">070</mxc:subfield>
</mxc:datafield>
<mxc:datafield tag="712" ind1="1" ind2="1">
<mxc:subfield code="3">11877619</mxc:subfield>
<mxc:subfield code="o">ISNI0000000123014497</mxc:subfield>
<mxc:subfield code="a">Musée Victor Hugo</mxc:subfield>
<mxc:subfield code="c">Rives-en-Seine, Seine-Maritime</mxc:subfield>
<mxc:subfield code="4">070</mxc:subfield>
</mxc:datafield>
<mxc:datafield tag="801" ind1=" " ind2="0">
<mxc:subfield code="a">FR</mxc:subfield>
<mxc:subfield code="b">FR-751131015</mxc:subfield>
<mxc:subfield code="c">20161205</mxc:subfield>
<mxc:subfield code="g">AFNOR</mxc:subfield>
<mxc:subfield code="h">FRBNF451703960000009</mxc:subfield>
<mxc:subfield code="2">intermrc</mxc:subfield>
</mxc:datafield>
<mxc:datafield tag="930" ind1=" " ind2=" ">
<mxc:subfield code="5">FR-751131010:45170396001001</mxc:subfield>
<mxc:subfield code="a">2017-36886</mxc:subfield>
<mxc:subfield code="b">759999999</mxc:subfield>
<mxc:subfield code="c">Tolbiac - Rez de Jardin - Littérature et art - Magasin</mxc:subfield>
<mxc:subfield code="d">O</mxc:subfield>
</mxc:datafield>
</mxc:record>      </srw:recordData>
<srw:recordIdentifier>ark:/12148/cb45170396g</srw:recordIdentifier>
<srw:recordPosition>32</srw:recordPosition>
<srw:extraRecordData>
<ixm:attr name="CreationDate">20161205</ixm:attr>
<ixm:attr name="LastModificationDate">20190913</ixm:attr>
<mn:score>9.735397</mn:score>
</srw:extraRecordData>
</srw:record>