
<srw:record>
<srw:recordSchema>marcxchange</srw:recordSchema>
<srw:recordPacking>xml</srw:recordPacking>
<srw:recordData>
<mxc:record xmlns:mxc="info:lc/xmlns/marcxchange-v2" format="UNIMARC" id="ark:/12148/cb38819265c" type="Bibliographic">
<mxc:leader>     nam  22        450 </mxc:leader>
<mxc:controlfield tag="001">FRBNF38819265000000X</mxc:controlfield>
<mxc:controlfield tag="003">http://catalogue.bnf.fr/ark:/12148/cb38819265c</mxc:controlfield>
<mxc:datafield tag="010" ind1=" " ind2=" ">
<mxc:subfield code="a">2-221-09696-7</mxc:subfield>
<mxc:subfield code="b">rel.</mxc:subfield>
<mxc:subfield code="d">29,10 EUR</mxc:subfield>
</mxc:datafield>
<mxc:datafield tag="020" ind1=" " ind2=" ">
<mxc:subfield code="a">FR</mxc:subfield>
<mxc:subfield code="b">00214788</mxc:subfield>
</mxc:datafield>
<mxc:datafield tag="100" ind1=" " ind2=" ">
<mxc:subfield code="a">20020430d2002    m  y0frey50      ba</mxc:subfield>
</mxc:datafield>
<mxc:datafield tag="101" ind1="0" ind2=" ">
<mxc:subfield code="a">fre</mxc:subfield>
</mxc:datafield>
<mxc:datafield tag="102" ind1=" " ind2=" ">
<mxc:subfield code="a">FR</mxc:subfield>
</mxc:datafield>
<mxc:datafield tag="105" ind1=" " ind2=" ">
<mxc:subfield code="a">||||z   00|||</mxc:subfield>
</mxc:datafield>
<mxc:datafield tag="106" ind1=" " ind2=" ">
<mxc:subfield code="a">r</mxc:subfield>
</mxc:datafield>
<mxc:datafield tag="181" ind1=" " ind2="0">
<mxc:subfield code="6">01</mxc:subfield>
<mxc:subfield code="a">i </mxc:subfield>
<mxc:subfield code="b">xxxe  </mxc:subfield>
</mxc:datafield>
<mxc:datafield tag="181" ind1=" " ind2=" ">
<mxc:subfield code="6">02</mxc:subfield>
<mxc:subfield code="c">txt</mxc:subfield>
<mxc:subfield code="2">rdacontent</mxc:subfield>
</mxc:datafield>
<mxc:datafield tag="182" ind1=" " ind2="0">
<mxc:subfield code="6">01</mxc:subfield>
<mxc:subfield code="a">n</mxc:subfield>
</mxc:datafield>
<mxc:datafield tag="182" ind1=" " ind2=" ">
<mxc:subfield code="6">02</mxc:subfield>
<mxc:subfield code="c">n</mxc:subfield>
<mxc:subfield code="2">rdamedia</mxc:subfield>
</mxc:datafield>
<mxc:datafield tag="200" ind1="1" ind2=" ">
<mxc:subfield code="a">Histoire</mxc:subfield>
<mxc:subfield code="b">Texte imprimé</mxc:subfield>
<mxc:subfield code="f">Victor Hugo</mxc:subfield>
<mxc:subfield code="g">présentation de Sheila Gaudon</mxc:subfield>
<mxc:subfield code="g">[sous la dir. de Jacques Seebacher et Guy Rosa, par le Groupe Hugo, Université de Paris VII-Jussieu]</mxc:subfield>
</mxc:datafield>
<mxc:datafield tag="210" ind1=" " ind2=" ">
<mxc:subfield code="a">Paris</mxc:subfield>
<mxc:subfield code="c">R. Laffont</mxc:subfield>
<mxc:subfield code="d">2002</mxc:subfield>
<mxc:subfield code="e">45-Manchecourt</mxc:subfield>
<mxc:subfield code="g">Impr. Maury Eurolivres</mxc:subfield>
</mxc:datafield>
<mxc:datafield tag="215" ind1=" " ind2=" ">
<mxc:subfield code="a">XIII-1514 p.</mxc:subfield>
<mxc:subfield code="c">couv. ill.</mxc:subfield>
<mxc:subfield code="d">21 cm</mxc:subfield>
</mxc:datafield>
<mxc:datafield tag="225" ind1="1" ind2="9">
<mxc:subfield code="a">Oeuvres complètes</mxc:subfield>
<mxc:subfield code="f">Victor Hugo</mxc:subfield>
</mxc:datafield>
<mxc:datafield tag="225" ind1="|" ind2=" ">
<mxc:subfield code="a">Bouquins</mxc:subfield>
</mxc:datafield>
<mxc:datafield tag="410" ind1=" " ind2="0">
<mxc:subfield code="0">34228101</mxc:subfield>
<mxc:subfield code="t">Bouquins (Paris)</mxc:subfield>
<mxc:subfield code="x">0244-5913</mxc:subfield>
<mxc:subfield code="d">2002</mxc:subfield>
</mxc:datafield>
<mxc:datafield tag="461" ind1=" " ind2="0">
<mxc:subfield code="0">38811358</mxc:subfield>
<mxc:subfield code="t">OEuvres complètes / Victor Hugo</mxc:subfield>
</mxc:datafield>
<mxc:datafield tag="676" ind1=" " ind2=" ">
<mxc:subfield code="a">848.7 (oeuvre)</mxc:subfield>
<mxc:subfield code="v">23</mxc:subfield>
</mxc:datafield>
<mxc:datafield tag="686" ind1=" " ind2=" ">
<mxc:subfield code="a">804</mxc:subfield>
<mxc:subfield code="2">Cadre de classement de la Bibliographie nationale française</mxc:subfield>
</mxc:datafield>
<mxc:datafield tag="700" ind1=" " ind2="|">
<mxc:subfield code="3">11907966</mxc:subfield>
<mxc:subfield code="o">ISNI0000000121200982</mxc:subfield>
<mxc:subfield code="a">Hugo</mxc:subfield>
<mxc:subfield code="b">Victor</mxc:subfield>
<mxc:subfield code="f">1802-1885</mxc:subfield>
<mxc:subfield code="4">070</mxc:subfield>
</mxc:datafield>
<mxc:datafield tag="702" ind1=" " ind2="|">
<mxc:subfield code="3">11924286</mxc:subfield>
<mxc:subfield code="o">ISNI0000000110294151</mxc:subfield>
<mxc:subfield code="a">Seebacher</mxc:subfield>
<mxc:subfield code="b">Jacques</mxc:subfield>
<mxc:subfield code="f">1930-2008</mxc:subfield>
<mxc:subfield code="4">651</mxc:subfield>
</mxc:datafield>
<mxc:datafield tag="702" ind1=" " ind2="|">
<mxc:subfield code="3">12016794</mxc:subfield>
<mxc:subfield code="o">ISNI0000000121495151</mxc:subfield>
<mxc:subfield code="a">Rosa</mxc:subfield>
<mxc:subfield code="b">Guy</mxc:subfield>
<mxc:subfield code="f">1945-....</mxc:subfield>
<mxc:subfield code="4">651</mxc:subfield>
</mxc:datafield>
<mxc:datafield tag="702" ind1=" " ind2="|">
<mxc:subfield code="3">12105437</mxc:subfield>
<mxc:subfield code="o">ISNI0000000080839543</mxc:subfield>
<mxc:subfield code="a">Gaudon</mxc:subfield>
<mxc:subfield code="b">Sheila</mxc:subfield>
<mxc:subfield code="f">1933-2017</mxc:subfield>
<mxc:subfield code="4">080</mxc:subfield>
</mxc:datafield>
<mxc:datafield tag="712" ind1="1" ind2="1">
<mxc:subfield code="3">11990696</mxc:subfield>
<mxc:subfield code="a">Groupe Hugo</mxc:subfield>
<mxc:subfield code="c">Paris</mxc:subfield>
<mxc:subfield code="4">651</mxc:subfield>
</mxc:datafield>
<mxc:datafield tag="801" ind1=" " ind2="0">
<mxc:subfield code="a">FR</mxc:subfield>
<mxc:subfield code="b">FR-751131015</mxc:subfield>
<mxc:subfield code="c">20020430</mxc:subfield>
<mxc:subfield code="g">AFNOR</mxc:subfield>
<mxc:subfield code="h">FRBNF38819265000000X</mxc:subfield>
<mxc:subfield code="2">intermrc</mxc:subfield>
</mxc:datafield>
<mxc:datafield tag="930" ind1=" " ind2=" ">
<mxc:subfield code="5">FR-751021006:38819265001001</mxc:subfield>
<mxc:subfield code="a">16-IMPR-2171 (3)</mxc:subfield>
<mxc:subfield code="b">759999999</mxc:subfield>
<mxc:subfield code="c">Richelieu - Manuscrits - Magasin</mxc:subfield>
<mxc:subfield code="d">N</mxc:subfield>
</mxc:datafield>
<mxc:datafield tag="930" ind1=" " ind2=" ">
<mxc:subfield code="5">FR-751041002:38819265002001</mxc:subfield>
<mxc:subfield code="a">8-Z-39648</mxc:subfield>
<mxc:subfield code="b">759999999</mxc:subfield>
<mxc:subfield code="c">Arsenal - Magasin</mxc:subfield>
<mxc:subfield code="d">N</mxc:subfield>
</mxc:datafield>
<mxc:datafield tag="930" ind1=" " ind2=" ">
<mxc:subfield code="5">FR-751131010:38819265003001</mxc:subfield>
<mxc:subfield code="a">2003-40500</mxc:subfield>
<mxc:subfield code="b">759999999</mxc:subfield>
<mxc:subfield code="c">Tolbiac - Rez de Jardin - Littérature et art - Magasin</mxc:subfield>
<mxc:subfield code="d">O</mxc:subfield>
</mxc:datafield>
</mxc:record>      </srw:recordData>
<srw:recordIdentifier>ark:/12148/cb38819265c</srw:recordIdentifier>
<srw:recordPosition>35</srw:recordPosition>
<srw:extraRecordData>
<ixm:attr name="CreationDate">20020430</ixm:attr>
<ixm:attr name="LastModificationDate">20260320</ixm:attr>
<mn:score>9.723823</mn:score>
</srw:extraRecordData>
</srw:record>