
<srw:record>
<srw:recordSchema>marcxchange</srw:recordSchema>
<srw:recordPacking>xml</srw:recordPacking>
<srw:recordData>
<mxc:record xmlns:mxc="info:lc/xmlns/marcxchange-v2" format="UNIMARC" id="ark:/12148/cb388591428" type="Bibliographic">
<mxc:leader>     cam  22        450 </mxc:leader>
<mxc:controlfield tag="001">FRBNF388591420000004</mxc:controlfield>
<mxc:controlfield tag="003">http://catalogue.bnf.fr/ark:/12148/cb388591428</mxc:controlfield>
<mxc:datafield tag="010" ind1=" " ind2=" ">
<mxc:subfield code="a">2-221-09677-0</mxc:subfield>
<mxc:subfield code="b">vol. 1</mxc:subfield>
</mxc:datafield>
<mxc:datafield tag="010" ind1=" " ind2=" ">
<mxc:subfield code="a">2-221-09678-9</mxc:subfield>
<mxc:subfield code="b">vol. 2</mxc:subfield>
<mxc:subfield code="b">br.</mxc:subfield>
<mxc:subfield code="d">29,10 EUR + 24,70 EUR</mxc:subfield>
</mxc:datafield>
<mxc:datafield tag="020" ind1=" " ind2=" ">
<mxc:subfield code="a">FR</mxc:subfield>
<mxc:subfield code="b">00227252</mxc:subfield>
</mxc:datafield>
<mxc:datafield tag="100" ind1=" " ind2=" ">
<mxc:subfield code="a">20020725d2002    m  y0frey50      ba</mxc:subfield>
</mxc:datafield>
<mxc:datafield tag="101" ind1="0" ind2=" ">
<mxc:subfield code="a">fre</mxc:subfield>
</mxc:datafield>
<mxc:datafield tag="102" ind1=" " ind2=" ">
<mxc:subfield code="a">FR</mxc:subfield>
</mxc:datafield>
<mxc:datafield tag="105" ind1=" " ind2=" ">
<mxc:subfield code="a">||||z   00|a|</mxc:subfield>
</mxc:datafield>
<mxc:datafield tag="106" ind1=" " ind2=" ">
<mxc:subfield code="a">r</mxc:subfield>
</mxc:datafield>
<mxc:datafield tag="181" ind1=" " ind2="0">
<mxc:subfield code="6">01</mxc:subfield>
<mxc:subfield code="a">i </mxc:subfield>
<mxc:subfield code="b">xxxe  </mxc:subfield>
</mxc:datafield>
<mxc:datafield tag="181" ind1=" " ind2=" ">
<mxc:subfield code="6">02</mxc:subfield>
<mxc:subfield code="c">txt</mxc:subfield>
<mxc:subfield code="2">rdacontent</mxc:subfield>
</mxc:datafield>
<mxc:datafield tag="182" ind1=" " ind2="0">
<mxc:subfield code="6">01</mxc:subfield>
<mxc:subfield code="a">n</mxc:subfield>
</mxc:datafield>
<mxc:datafield tag="182" ind1=" " ind2=" ">
<mxc:subfield code="6">02</mxc:subfield>
<mxc:subfield code="c">n</mxc:subfield>
<mxc:subfield code="2">rdamedia</mxc:subfield>
</mxc:datafield>
<mxc:datafield tag="200" ind1="1" ind2=" ">
<mxc:subfield code="a">Théâtre</mxc:subfield>
<mxc:subfield code="b">Texte imprimé</mxc:subfield>
<mxc:subfield code="f">Victor Hugo</mxc:subfield>
<mxc:subfield code="g">[présenté par Anne Ubersfeld, Arnaud Laster]</mxc:subfield>
<mxc:subfield code="g">[éd. par le Groupe Hugo, Paris-VII-Jussieu sous la dir. de Jacques Seebacher et Guy Rosa]</mxc:subfield>
</mxc:datafield>
<mxc:datafield tag="210" ind1=" " ind2=" ">
<mxc:subfield code="a">Paris</mxc:subfield>
<mxc:subfield code="c">R. Laffont</mxc:subfield>
<mxc:subfield code="d">2002</mxc:subfield>
<mxc:subfield code="e">45-Manchecourt</mxc:subfield>
<mxc:subfield code="g">Impr. Maury Eurolivres</mxc:subfield>
</mxc:datafield>
<mxc:datafield tag="215" ind1=" " ind2=" ">
<mxc:subfield code="a">2 vol. (XVIII-1475, XIV-997 p.)</mxc:subfield>
<mxc:subfield code="c">couv. ill.</mxc:subfield>
<mxc:subfield code="d">20 cm</mxc:subfield>
</mxc:datafield>
<mxc:datafield tag="225" ind1="1" ind2="9">
<mxc:subfield code="a">OEuvres complètes</mxc:subfield>
<mxc:subfield code="f">Victor Hugo</mxc:subfield>
</mxc:datafield>
<mxc:datafield tag="225" ind1="|" ind2=" ">
<mxc:subfield code="a">Bouquins</mxc:subfield>
</mxc:datafield>
<mxc:datafield tag="410" ind1=" " ind2="0">
<mxc:subfield code="0">34228101</mxc:subfield>
<mxc:subfield code="t">Bouquins (Paris)</mxc:subfield>
<mxc:subfield code="x">0244-5913</mxc:subfield>
<mxc:subfield code="d">2002</mxc:subfield>
</mxc:datafield>
<mxc:datafield tag="461" ind1=" " ind2="0">
<mxc:subfield code="0">38859096</mxc:subfield>
<mxc:subfield code="t">Oeuvres complètes / Victor Hugo</mxc:subfield>
</mxc:datafield>
<mxc:datafield tag="501" ind1="1" ind2=" ">
<mxc:subfield code="a">Théâtre</mxc:subfield>
<mxc:subfield code="m">français</mxc:subfield>
<mxc:subfield code="k">2002</mxc:subfield>
</mxc:datafield>
<mxc:datafield tag="676" ind1=" " ind2=" ">
<mxc:subfield code="a">842.7 (oeuvre)</mxc:subfield>
<mxc:subfield code="v">23</mxc:subfield>
</mxc:datafield>
<mxc:datafield tag="686" ind1=" " ind2=" ">
<mxc:subfield code="a">802</mxc:subfield>
<mxc:subfield code="2">Cadre de classement de la Bibliographie nationale française</mxc:subfield>
</mxc:datafield>
<mxc:datafield tag="700" ind1=" " ind2="|">
<mxc:subfield code="3">11907966</mxc:subfield>
<mxc:subfield code="o">ISNI0000000121200982</mxc:subfield>
<mxc:subfield code="a">Hugo</mxc:subfield>
<mxc:subfield code="b">Victor</mxc:subfield>
<mxc:subfield code="f">1802-1885</mxc:subfield>
<mxc:subfield code="4">070</mxc:subfield>
</mxc:datafield>
<mxc:datafield tag="702" ind1=" " ind2="|">
<mxc:subfield code="3">11927306</mxc:subfield>
<mxc:subfield code="o">ISNI0000000120239439</mxc:subfield>
<mxc:subfield code="a">Ubersfeld</mxc:subfield>
<mxc:subfield code="b">Anne</mxc:subfield>
<mxc:subfield code="f">1921-2010</mxc:subfield>
<mxc:subfield code="4">080</mxc:subfield>
</mxc:datafield>
<mxc:datafield tag="702" ind1=" " ind2="|">
<mxc:subfield code="3">11911223</mxc:subfield>
<mxc:subfield code="o">ISNI0000000108761208</mxc:subfield>
<mxc:subfield code="a">Laster</mxc:subfield>
<mxc:subfield code="b">Arnaud</mxc:subfield>
<mxc:subfield code="f">1945-....</mxc:subfield>
<mxc:subfield code="4">080</mxc:subfield>
</mxc:datafield>
<mxc:datafield tag="702" ind1=" " ind2="|">
<mxc:subfield code="3">11924286</mxc:subfield>
<mxc:subfield code="o">ISNI0000000110294151</mxc:subfield>
<mxc:subfield code="a">Seebacher</mxc:subfield>
<mxc:subfield code="b">Jacques</mxc:subfield>
<mxc:subfield code="f">1930-2008</mxc:subfield>
<mxc:subfield code="4">340</mxc:subfield>
</mxc:datafield>
<mxc:datafield tag="702" ind1=" " ind2="|">
<mxc:subfield code="3">12016794</mxc:subfield>
<mxc:subfield code="o">ISNI0000000121495151</mxc:subfield>
<mxc:subfield code="a">Rosa</mxc:subfield>
<mxc:subfield code="b">Guy</mxc:subfield>
<mxc:subfield code="f">1945-....</mxc:subfield>
<mxc:subfield code="4">340</mxc:subfield>
</mxc:datafield>
<mxc:datafield tag="712" ind1="1" ind2="1">
<mxc:subfield code="3">11990696</mxc:subfield>
<mxc:subfield code="a">Groupe Hugo</mxc:subfield>
<mxc:subfield code="c">Paris</mxc:subfield>
<mxc:subfield code="4">340</mxc:subfield>
</mxc:datafield>
<mxc:datafield tag="801" ind1=" " ind2="0">
<mxc:subfield code="a">FR</mxc:subfield>
<mxc:subfield code="b">FR-751131015</mxc:subfield>
<mxc:subfield code="c">20020725</mxc:subfield>
<mxc:subfield code="g">AFNOR</mxc:subfield>
<mxc:subfield code="h">FRBNF388591420000004</mxc:subfield>
<mxc:subfield code="2">intermrc</mxc:subfield>
</mxc:datafield>
<mxc:datafield tag="930" ind1=" " ind2=" ">
<mxc:subfield code="5">FR-751131010:38859142001001</mxc:subfield>
<mxc:subfield code="a">2003-2256</mxc:subfield>
<mxc:subfield code="b">759999999</mxc:subfield>
<mxc:subfield code="c">Tolbiac - Rez de Jardin - Littérature et art - Magasin</mxc:subfield>
<mxc:subfield code="d">O</mxc:subfield>
<mxc:subfield code="v">VOL.1</mxc:subfield>
</mxc:datafield>
<mxc:datafield tag="930" ind1=" " ind2=" ">
<mxc:subfield code="5">FR-751131010:38859142002001</mxc:subfield>
<mxc:subfield code="a">2003-2259</mxc:subfield>
<mxc:subfield code="b">759999999</mxc:subfield>
<mxc:subfield code="c">Tolbiac - Rez de Jardin - Littérature et art - Magasin</mxc:subfield>
<mxc:subfield code="d">O</mxc:subfield>
<mxc:subfield code="v">VOL.2</mxc:subfield>
</mxc:datafield>
</mxc:record>      </srw:recordData>
<srw:recordIdentifier>ark:/12148/cb388591428</srw:recordIdentifier>
<srw:recordPosition>48</srw:recordPosition>
<srw:extraRecordData>
<ixm:attr name="CreationDate">20020725</ixm:attr>
<ixm:attr name="LastModificationDate">20231018</ixm:attr>
<mn:score>9.66404</mn:score>
</srw:extraRecordData>
</srw:record>